<?xml version="1.0" encoding="UTF-8"?><record xmlns="http://www.loc.gov/MARC21/slim" xmlns:cinclude="http://apache.org/cocoon/include/1.0" xmlns:zs="http://www.loc.gov/zing/srw/">
  <leader>00454nz  a2200121n  4500</leader>
  <controlfield tag="001">n  94102585 </controlfield>
  <controlfield tag="003">DLC</controlfield>
  <controlfield tag="005">19941025105945.2</controlfield>
  <controlfield tag="008">941025n| acannaab|          |n ana |||  </controlfield>
  <datafield tag="010" ind1=" " ind2=" ">
    <subfield code="a">n  94102585 </subfield>
  </datafield>
  <datafield tag="040" ind1=" " ind2=" ">
    <subfield code="a">DLC</subfield>
    <subfield code="c">DLC</subfield>
  </datafield>
  <datafield tag="110" ind1="1" ind2="0">
    <subfield code="a">Coahuila (Mexico : State).</subfield>
    <subfield code="b">Secretari패a de Desarrollo Urbano y Obras Pu패blicas</subfield>
  </datafield>
  <datafield tag="670" ind1=" " ind2=" ">
    <subfield code="a">Plan director de desarrollo urbano. [Coahuila], 1989- :</subfield>
    <subfield code="b">v. 3, colophon (Secretari패a de Desarrollo Urbano y Obras Pu패blicas del Estado)</subfield>
  </datafield>
</record>